<record><leader>00000cas a22000007a 4500</leader><controlfield tag="001">11664140</controlfield><controlfield tag="008">850206d18821903ohuwr ne      0    0eng d</controlfield><datafield ind1=" " ind2=" " tag="010"><subfield code="a">sn 85038055 </subfield></datafield><datafield ind1=" " ind2=" " tag="040"><subfield code="a">NPY</subfield><subfield code="b">eng</subfield><subfield code="c">NPY</subfield><subfield code="d">ONP</subfield><subfield code="d">OCLCQ</subfield></datafield><datafield ind1=" " ind2=" " tag="042"><subfield code="a">msc</subfield></datafield><datafield ind1="0" ind2=" " tag="130"><subfield code="a">Portsmouth tribune (Portsmouth, Ohio : 1882)</subfield></datafield><datafield ind1="1" ind2="4" tag="245"><subfield code="a">The Portsmouth tribune.</subfield></datafield><datafield ind1="1" ind2="3" tag="246"><subfield code="a">Tribune and Republican</subfield></datafield><datafield ind1=" " ind2=" " tag="260"><subfield code="a">Portsmouth, Ohio :</subfield><subfield code="b">A. McFarland, Sr.,</subfield><subfield code="c">1882-1903.</subfield></datafield><datafield ind1=" " ind2=" " tag="300"><subfield code="a">v. :</subfield><subfield code="b">ill. ;</subfield><subfield code="c">69 cm.</subfield></datafield><datafield ind1=" " ind2=" " tag="310"><subfield code="a">Weekly</subfield></datafield><datafield ind1="0" ind2=" " tag="362"><subfield code="a">Vol. 46, no. 27 (July 5, 1882)-v. 67, no. 16 (Mar. 18, 1903).</subfield></datafield><datafield ind1=" " ind2=" " tag="500"><subfield code="a">Published on Wednesday.</subfield></datafield><datafield ind1=" " ind2=" " tag="500"><subfield code="a">Republican, 1882-1897; Democratic, 1897-1903.</subfield></datafield><datafield ind1=" " ind2=" " tag="525"><subfield code="a">Supplements accompany some issues.</subfield></datafield><datafield ind1=" " ind2=" " tag="580"><subfield code="a">Appeared concurrently with: Portsmouth Republican (Portsmouth, Ohio : 1897), 1897; Scioto County Democrat, 1897-1899.</subfield></datafield><datafield ind1=" " ind2=" " tag="752"><subfield code="a">United States</subfield><subfield code="b">Ohio</subfield><subfield code="c">Scioto</subfield><subfield code="d">Portsmouth.</subfield></datafield><datafield ind1="0" ind2="0" tag="780"><subfield code="t">Portsmouth tribune and Republican</subfield><subfield code="w">(DLC)sn 87075102</subfield></datafield><datafield ind1="0" ind2="0" tag="785"><subfield code="t">Weekly tribune (Portsmouth, Ohio)</subfield><subfield code="w">(DLC)sn 87075105</subfield></datafield><datafield ind1="1" ind2=" " tag="787"><subfield code="t">Portsmouth Republican (Portsmouth, Ohio : 1897)</subfield><subfield code="w">(DLC)sn 87075100</subfield></datafield><datafield ind1="1" ind2=" " tag="787"><subfield code="t">Scioto County Democrat</subfield><subfield code="w">(DLC)sn 87075101</subfield></datafield></record>